@inproceedings{Cheswick92anevening,
  author    = {Bill Cheswick},
  title     = {An Evening with Berferd in which a cracker is Lured, Endured, and Studied},
  booktitle = {In Proc. Winter USENIX Conference},
  year      = {1992},
  pages     = {163--174}
}